\begin{filecontents}
@article{ref01,
	title={How I created the theory of relativity},
	author={Einstein, Albert},
	journal={Physics today},
	volume={35},
	number={8},
	pages={45--47},
	year={1982}
}

@book{ref02,
	title={Hawking on the big bang and black holes},
	author={Hawking, Stephen W},
	volume={8},
	year={1993},
	publisher={World Scientific}
}

@misc{nagiosOrgWebsite,
	title = {Nagios - The Industry Standard In IT Infrastructure Monitoring},
	howpublished = {\url{https://www.nagios.org/}},
	month = {},
	year = {2022},
	note = {(Accessed on 05/27/2022)}
}

@misc{elasticsearchWebsite,
	title = {Elasticsearch - The heart of the free and open Elastic Stack},
	howpublished = {\url{https://www.elastic.co/elasticsearch/}},
	month = {},
	year = {2022},
	note = {(Accessed on 05/27/2022)}
}

@misc{dockerEngineWebsite,
	title = {Docker Engine },
	howpublished = {\url{https://docs.docker.com/engine/}},
	month = {},
	year = {2022},
	note = {(Accessed on 05/27/2022)}
}

@misc{ubuntuServerWebsite,
	title = {Ubuntu Server},
	howpublished = {\url{https://ubuntu.com/download/server}},
	month = {},
	year = {2022},
	note = {(Accessed on 05/27/2022)}
}

@misc{elasticIntegrationsWebsite,
	title = {Elasticsearch Integrations},
	howpublished = {\url{https://www.elastic.co/integrations/}},
	month = {},
	year = {2022},
	note = {(Accessed on 05/27/2022)}
}

@misc{GrafanaL66:online,
author = {},
title = {Grafana Loki | Grafana Loki documentation},
howpublished = {\url{https://grafana.com/docs/loki/latest/}},
month = {},
year = {},
note = {(Accessed on 06/17/2022)}
}

@misc{Comparis37:online,
author = {},
title = {Comparisons | Grafana Loki documentation},
howpublished = {\url{https://grafana.com/docs/loki/latest/fundamentals/overview/comparisons/}},
month = {},
year = {},
note = {(Accessed on 06/17/2022)}
}

\end{filecontents}